<?xml version="1.0" encoding="UTF-8"?><collection xmlns="http://www.loc.gov/MARC21/slim"><record><leader>00466nam--2200157-i-4500</leader><controlfield tag="001">000005329</controlfield><controlfield tag="002">20161230</controlfield><controlfield tag="005">20170210000842</controlfield><controlfield tag="008">060222s1000------------r-----000-0-eng-d</controlfield><datafield ind1=" " ind2=" " tag="100"><subfield code="a">Desi, S</subfield></datafield><datafield ind1=" " ind2=" " tag="245"><subfield code="a">Drift velocity of electrons in argon, nitrogen and argon mixtures</subfield></datafield><datafield ind1=" " ind2=" " tag="260"><subfield code="a">Budapest</subfield><subfield code="c">1960</subfield></datafield><datafield ind1=" " ind2=" " tag="300"><subfield code="a">6 p.+8 Fig</subfield></datafield><datafield ind1=" " ind2=" " tag="490"><subfield code="a">Central Research Institute Of Physics Of The Hungarian Academy Of Sciences</subfield></datafield><datafield ind1=" " ind2=" " tag="700"><subfield code="a">Nagy, L</subfield></datafield><datafield ind1=" " ind2=" " tag="CAT"><subfield code="a">SYS</subfield><subfield code="c">20170210</subfield><subfield code="h">000842</subfield></datafield></record></collection>